@Article{Kamerman-bell-97,
author=     {Ad Kamerman and Leo Monteban},
title=      "{"WaveLAN-II: A High-Performance Wireless LAN for the Unlicensed Band"}",
journal=    {Bell Labs Technical Journal},
year=       {1997},
volume=     {2},
number=     {2},
pages=      {118-133},
}

@conference{Tseng-icdcs-01,
author=     {Yu-Chee Tseng and Shih-Lin Wu and Chih-Yu Lin and Jang-Ping Sheu},
title=      "{A Multi-channel MAC Protocol with Power Control for Multi-hop Mobile Ad Hoc Networks}",
booktitle=  {in Proc. IEEE Int'l Conference on Distributed Computing Systems (ICDCS)},
pages=      {419-424},
year=       {2001},
month=      {},
}

